@article{paxos,
author = {Lamport, Leslie},
title = {{Paxos Made Simple}},
year = {2001},
pages = {1--14},
month = nov
}

@inproceedings{gaios,
 author = {Bolosky, William J. and Bradshaw, Dexter and Haagens, Randolph B. and Kusters, Norbert P. and Li, Peng},
 title = {Paxos replicated state machines as the basis of a high-performance data store},
 booktitle = {Proceedings of the 8th USENIX conference on Networked systems design and implementation},
 series = {NSDI'11},
 year = {2011},
 location = {Boston, MA},
 pages = {11--11},
 numpages = {1},
 url = {http://dl.acm.org/citation.cfm?id=1972457.1972472},
 acmid = {1972472},
 publisher = {USENIX Association},
 address = {Berkeley, CA, USA},
}

@article{taas,
author = {Various Netlab members},
title = {TAAS (Unpublished)}
}

@article{frenetic,
  added-at = {2013-02-18T00:00:00.000+0100},
  author = {Foster, Nate and Guha, Arjun and Reitblatt, Mark and Story, Alec and Freedman, Michael J. and Katta, Naga Praveen and Monsanto, Christopher and Reich, Joshua and Rexford, Jennifer and Schlesinger, Cole and Walker, David and Harrison, Rob},
  biburl = {http://www.bibsonomy.org/bibtex/2d9e8384529ce3fc6b27db39bed0cbe98/dblp},
  ee = {http://dx.doi.org/10.1109/MCOM.2013.6461197},
  interhash = {41eb297fce5d1c9c7ca4bba7da93573d},
  intrahash = {d9e8384529ce3fc6b27db39bed0cbe98},
  journal = {IEEE Communications Magazine},
  keywords = {dblp},
  number = 2,
  pages = {128-134},
  timestamp = {2013-02-18T00:00:00.000+0100},
  title = {Languages for software-defined networks.},
  url = {http://dblp.uni-trier.de/db/journals/cm/cm51.html#FosterGRSFKMRRSWH13},
  volume = 51,
  year = 2013
}
